@online{xtermjsweb,
    author      = "Xterm.js authors",
    title       = "Xterm.js",
    url         = "https://xtermjs.org/",
    date        = "2020-04-22",
    //note        = "Accessed on 2020-04-22",
    keywords    = "web"
}

#https://www.npmjs.com/package/node-pty
#https://github.com/butlerx/wetty
#https://github.com/romkatv/powerlevel10k#oh-my-zsh
#https://github.com/ohmyzsh/ohmyzsh
#https://guacamole.apache.org/
#https://hub.docker.com/r/linuxserver/rdesktop
#https://hub.docker.com/r/linuxserver/taisun
#https://github.com/Taisun-Docker/tmux
#https://sylabs.io/singularity/
#promox
#podman
#https://github.com/tsl0922/ttyd
#https://github.com/instantbox/instantbox
#https://binderhub.readthedocs.io/en/latest/

#https://github.com/momocow/semantic-release-gitmoji
#https://semantic-release.gitbook.io/
#https://github.com/JAremko/docker-x11-bridge

@book{dirac,
    title={The Principles of Quantum Mechanics},
    author={Paul Adrien Maurice Dirac},
    isbn={9780198520115},
    series={International series of monographs on physics},
    year={1981},
    publisher={Clarendon Press},
    keywords = {physics}
}

@inbook{knuth-fa,
    author = "Donald E. Knuth",
    title = "Fundamental Algorithms",
    publisher = "Addison-Wesley",
    year = "1973",
    chapter = "1.2",
    keywords  = "knuth,programming"
}

@article{einstein,
    author =       "Albert Einstein",
    title =        "{Zur Elektrodynamik bewegter K{\"o}rper}. ({German})
    [{On} the electrodynamics of moving bodies]",
    journal =      "Annalen der Physik",
    volume =       "322",
    number =       "10",
    pages =        "891--921",
    year =         "1905",
    DOI =          "http://dx.doi.org/10.1002/andp.19053221004",
    keywords =     "physics"
}